<record><leader>06223cam a2200541 i 4500</leader><controlfield tag="001">6759993</controlfield><controlfield tag="003">OCoLC</controlfield><controlfield tag="005">20141203152957.0</controlfield><controlfield tag="008">140403t20152015coua     b    001 0 eng  </controlfield><datafield ind1=" " ind2=" " tag="010"><subfield code="a">  2014011428</subfield></datafield><datafield ind1=" " ind2=" " tag="020"><subfield code="a">9780813348490 (paperback)</subfield></datafield><datafield ind1=" " ind2=" " tag="020"><subfield code="a">0813348498 (paperback)</subfield></datafield><datafield ind1=" " ind2=" " tag="020"><subfield code="z">9780813348506 (e-book)</subfield></datafield><datafield ind1=" " ind2=" " tag="020"><subfield code="z">0813348501 (e-book)</subfield></datafield><datafield ind1=" " ind2=" " tag="035"><subfield code="a">ocn898329719</subfield></datafield><datafield ind1=" " ind2=" " tag="040"><subfield code="a">DLC</subfield><subfield code="b">eng</subfield><subfield code="e">rda</subfield><subfield code="c">DLC</subfield><subfield code="d">OCLCO</subfield><subfield code="d">YDXCP</subfield><subfield code="d">OUN</subfield><subfield code="d">OCLCF</subfield><subfield code="d">BKL</subfield><subfield code="d">CDX</subfield><subfield code="d">UAB</subfield></datafield><datafield ind1=" " ind2=" " tag="042"><subfield code="a">pcc</subfield></datafield><datafield ind1=" " ind2=" " tag="043"><subfield code="a">n-us---</subfield></datafield><datafield ind1="0" ind2="0" tag="050"><subfield code="a">HQ76.8.U5</subfield><subfield code="b">R58 2014</subfield></datafield><datafield ind1="0" ind2="0" tag="082"><subfield code="a">323.3/2640973</subfield><subfield code="2">23</subfield></datafield><datafield ind1=" " ind2=" " tag="084"><subfield code="a">POL000000</subfield><subfield code="a">POL004000</subfield><subfield code="a">POL040000</subfield><subfield code="a">HIS000000</subfield><subfield code="a">HIS036000</subfield><subfield code="2">bisacsh</subfield></datafield><datafield ind1=" " ind2=" " tag="090"><subfield code="a">HQ 76.8 U5 R58 2014</subfield><subfield code="b">AEU</subfield></datafield><datafield ind1=" " ind2=" " tag="090"><subfield code="a">HQ76.8 .U5 R58 2014</subfield><subfield code="b">AEGMCT</subfield></datafield><datafield ind1="1" ind2=" " tag="100"><subfield code="a">Rimmerman, Craig A.,</subfield><subfield code="e">author.</subfield></datafield><datafield ind1="1" ind2="4" tag="245"><subfield code="a">The lesbian and gay movements :</subfield><subfield code="b">assimilation or liberation? /</subfield><subfield code="c">Craig A. Rimmerman (Hobart and William Smith Colleges).</subfield></datafield><datafield ind1=" " ind2=" " tag="250"><subfield code="a">Second edition.</subfield></datafield><datafield ind1=" " ind2="1" tag="264"><subfield code="a">Boulder, Colorado:</subfield><subfield code="b">Westview Press, a member of the Perseus Books Group,</subfield><subfield code="c">[2015]</subfield></datafield><datafield ind1=" " ind2="4" tag="264"><subfield code="c">&#169;2015</subfield></datafield><datafield ind1=" " ind2=" " tag="300"><subfield code="a">xiii, 235 pages :</subfield><subfield code="b">illustration ;</subfield><subfield code="c">23 cm.</subfield></datafield><datafield ind1=" " ind2=" " tag="336"><subfield code="a">text</subfield><subfield code="2">rdacontent</subfield></datafield><datafield ind1=" " ind2=" " tag="337"><subfield code="a">unmediated</subfield><subfield code="2">rdamedia</subfield></datafield><datafield ind1=" " ind2=" " tag="338"><subfield code="a">volume</subfield><subfield code="2">rdacarrier</subfield></datafield><datafield ind1="1" ind2=" " tag="490"><subfield code="a">Dilemmas in American politics</subfield></datafield><datafield ind1=" " ind2=" " tag="504"><subfield code="a">Includes bibliographical references and index.</subfield></datafield><datafield ind1="8" ind2=" " tag="505"><subfield code="a">List of Illustrations -- Preface -- 1 Introduction to the Core Dilemma -- 2 The Assimilationist and Liberationist Strategies in Historical Context -- The Birth of the Homophile Movement and the Foundations for Contemporary Politics -- The Stonewall Rebellion and Beyond -- The 1970s and the Challenge of the Christian Right -- Conclusion -- 3 The Conflict Over HIV/AIDS Policy -- The Early History of AIDS in the United States -- AIDS Policy in The Reagan/Bush Years -- Response of the Lesbian and Gay Movements to the Reagan/Bush Years -- AIDS Policy in the Clinton/Bush/Obama Years -- Response of the Lesbian and Gay Movements to the Clinton/Bush/Obama Years -- Conclusion -- 4 "Don't Ask, Don't Tell": Policy Perspectives on the Military Ban -- Military Integration in Historical Context, -- The Early Days of "Don't Ask, Don't Tell": Debates and Policy -- Implementation of the "Don't Ask, Don't Tell" Policy -- The Repeal of "Don't Ask, Don't Tell" -- The Case for the Military Ban -- The Case Against the Military Ban -- Conclusion -- 5 Jilted at the Altar: The Debate Over Same-Sex Marriage -- Same-Sex Marriage in Historical Context -- The Implications of the Marriage Debate for the Lesbian and Gay Movements -- The Case for Same-Sex Marriage -- The Case Against Same-Sex Marriage -- Conclusion -- 6 The Movements' Futures -- The Assimilationist and Liberationist Strategies Revisited -- Coalition Politics -- Barriers to Building Coalitions -- Conclusion -- Appendix 1: AIDS Timeline -- Appendix 2: The "Don't Ask, Don't Tell" Law -- Appendix 3: Lesbian, Gay, Bisexual, Transgender, and Christian Right Organizations -- Discussion Questions -- Glossary -- Notes -- References -- Index.</subfield></datafield><datafield ind1=" " ind2=" " tag="520"><subfield code="a">"Throughout their relatively short history, lesbian and gay movements in the United States have endured searing conflicts over whether to embrace assimilationist or liberationist strategies. The Lesbian and Gay Movements explores this dilemma in both contemporary and historical contexts, describing the sources of these conflicts, to what extent the conflicts have been resolved, and how they might be resolved in future. Rimmerman also tackles the challenging issue of what constitutes movement "effectiveness" and how "effective" the assimilationist and liberationist strategies have been in three contentious policy arenas: the military ban, same-sex marriage, and AIDS. Considerable attention is devoted to how policy elites-presidents, federal and state legislatures, courts-have responded to the movements' grievances. Since the publication of the first edition in 2007, there have been enormous changes in the landscape of lesbian and gay movements and rights. The thoroughly revised second edition includes updated discussion of LGBT movements' undertakings in, as well the Obama administration's response to, AIDS/HIV policy, the fight to legalize same-sex marriage and overturn the Defense of Marriage Act, and the repeal of "Don't Ask, Don't Tell.""--</subfield><subfield code="c">Provided by publisher.</subfield></datafield><datafield ind1=" " ind2=" " tag="520"><subfield code="a">"Throughout their relatively short history, the lesbian and gay movements in the United States have endured searing conflicts over whether to embrace assimilationist or liberationist strategies. This new book explores this dilemma in both contemporary and historical contexts, describing the sources of these conflicts, to what extent the conflicts have been resolved, and how they might be resolved in future. The text also tackles the challenging issue of what constitutes movement "effectiveness" and how "effective" the assimilationist and liberationist strategies have been in three contentious policy arenas: the military ban, same-sex marriage, and AIDS. Considerable attention is devoted to how policy elites--most notably Presidents Reagan, Bush, and Clinton; Congress; and the Supreme Court--have responded to the movements' grievances. The book examines the George W. Bush presidency with an eye to assessing how political opportunities have informed the broader lesbian and gay movements' strategies, and also details the response of the Christian Right to the movements' various assimilationist and liberationist strategies"--</subfield><subfield code="c">Provided by publisher.</subfield></datafield><datafield ind1=" " ind2=" " tag="596"><subfield code="a">29 43</subfield></datafield><datafield ind1=" " ind2="0" tag="650"><subfield code="a">Gay liberation movement</subfield><subfield code="z">United States.</subfield></datafield><datafield ind1=" " ind2="0" tag="650"><subfield code="a">Gay rights</subfield><subfield code="z">United States.</subfield></datafield><datafield ind1=" " ind2="0" tag="650"><subfield code="a">Homosexuality</subfield><subfield code="x">Political aspects</subfield><subfield code="z">United States.</subfield></datafield><datafield ind1=" " ind2="0" tag="650"><subfield code="a">Assimilation (Sociology)</subfield></datafield><datafield ind1=" " ind2="0" tag="651"><subfield code="a">United States</subfield><subfield code="x">Social conditions.</subfield></datafield><datafield ind1=" " ind2="0" tag="651"><subfield code="a">United States</subfield><subfield code="x">Politics and government.</subfield></datafield><datafield ind1=" " ind2="0" tag="830"><subfield code="a">Dilemmas in American politics.</subfield></datafield><datafield ind1=" " ind2=" " tag="949"><subfield code="a">HQ 76.8 U5 R58 2014</subfield><subfield code="c">1</subfield><subfield code="h">UAHS-B</subfield><subfield code="i">0162035200839</subfield></datafield><datafield ind1=" " ind2=" " tag="926"><subfield code="a">HQ 76.8 U5 R58 2014</subfield><subfield code="w">LC</subfield><subfield code="c">1</subfield><subfield code="i">0162035200839</subfield><subfield code="d">7/28/2016</subfield><subfield code="e">7/16/2016</subfield><subfield code="l">ON_SHELF</subfield><subfield code="m">UAHSS</subfield><subfield code="n">1</subfield><subfield code="p">$150.00</subfield><subfield code="r">Y</subfield><subfield code="s">Y</subfield><subfield code="t">BOOK</subfield><subfield code="u">12/18/2014</subfield></datafield><datafield ind1=" " ind2=" " tag="926"><subfield code="a">HQ76.8 .U5 R58 2014</subfield><subfield code="w">LC</subfield><subfield code="c">1</subfield><subfield code="i">1007431750</subfield><subfield code="d">4/19/2016</subfield><subfield code="e">4/6/2016</subfield><subfield code="l">ON_SHELF</subfield><subfield code="m">GR_MACEWAN</subfield><subfield code="n">1</subfield><subfield code="p">$44.60</subfield><subfield code="r">Y</subfield><subfield code="s">Y</subfield><subfield code="t">BOOK</subfield><subfield code="u">1/13/2015</subfield></datafield></record>